<record><leader>00000cas a22000007a 4500</leader><controlfield tag="001">12889537</controlfield><controlfield tag="008">851210d18711875msuwr ne      0    0eng d</controlfield><datafield ind1=" " ind2=" " tag="010"><subfield code="a">sn 85034476 </subfield></datafield><datafield ind1=" " ind2=" " tag="040"><subfield code="a">NPU</subfield><subfield code="b">eng</subfield><subfield code="c">NPU</subfield><subfield code="d">MGN</subfield><subfield code="d">OCLCQ</subfield></datafield><datafield ind1=" " ind2=" " tag="042"><subfield code="a">msc</subfield></datafield><datafield ind1="0" ind2=" " tag="130"><subfield code="a">East Mississippian (Scooba, Miss. : 1871)</subfield></datafield><datafield ind1="1" ind2="5" tag="245"><subfield code="a">East Mississippian.</subfield></datafield><datafield ind1=" " ind2=" " tag="260"><subfield code="a">Scooba, Miss. :</subfield><subfield code="b">S.T. Walker</subfield></datafield><datafield ind1=" " ind2=" " tag="300"><subfield code="a">v. ;</subfield><subfield code="c">56 cm.</subfield></datafield><datafield ind1=" " ind2=" " tag="310"><subfield code="a">Weekly</subfield></datafield><datafield ind1="1" ind2=" " tag="362"><subfield code="a">Began in 1871? Ceased in 1875?</subfield></datafield><datafield ind1=" " ind2=" " tag="500"><subfield code="a">Published at DeKalb, Miss., &lt;1874-&gt;.</subfield></datafield><datafield ind1=" " ind2=" " tag="500"><subfield code="a">Publisher: A.G. Ellis &amp; Co., &lt;1874&gt;.</subfield></datafield><datafield ind1=" " ind2=" " tag="500"><subfield code="a">Editor: T.W. Brame, &lt;1874&gt;.</subfield></datafield><datafield ind1=" " ind2=" " tag="500"><subfield code="a">"The only paper published in Kemper County."</subfield></datafield><datafield ind1=" " ind2=" " tag="588"><subfield code="a">Description based on: Vol. 2, no. 19 (Jul. 1, 1873).</subfield></datafield><datafield ind1=" " ind2=" " tag="752"><subfield code="a">United States</subfield><subfield code="b">Mississippi</subfield><subfield code="c">Kemper</subfield><subfield code="d">De Kalb.</subfield></datafield><datafield ind1=" " ind2=" " tag="752"><subfield code="a">United States</subfield><subfield code="b">Mississippi</subfield><subfield code="c">Kemper</subfield><subfield code="d">Scooba.</subfield></datafield></record>